%Papers


@article{plefka16,
      author         = "Nandan, Dhritiman and Plefka, Jan and Schlotterer, Oliver
                        and Wen, Congkao",
      title          = "{Einstein-Yang-Mills from pure Yang-Mills amplitudes}",
      journal        = "JHEP",
      volume         = "10",
      year           = "2016",
      pages          = "070",
      doi            = "10.1007/JHEP10(2016)070",
      eprint         = "1607.05701",
      archivePrefix  = "arXiv",
      primaryClass   = "hep-th",
      reportNumber   = "HU-EP-16-22",
      SLACcitation   = "%%CITATION = ARXIV:1607.05701;%%"
}

@article{weinzerl16,
  title={Relations for Einstein--Yang--Mills amplitudes from the CHY representation},
  author={de la Cruz, Leonardo and Kniss, Alexander and Weinzierl, Stefan},
  journal={Physics Letters B},
  volume={767},
  pages={86--90},
  year={2017},
  publisher={Elsevier}
}


@article{chiodaroli17,
      author         = "Chiodaroli, Marco and Gunaydin, Murat and Johansson,
                        Henrik and Roiban, Radu",
      title          = "{Explicit Formulae for Yang-Mills-Einstein Amplitudes
                        from the Double Copy}",
      journal        = "JHEP",
      volume         = "07",
      year           = "2017",
      pages          = "002",
      doi            = "10.1007/JHEP07(2017)002",
      eprint         = "1703.00421",
      archivePrefix  = "arXiv",
      primaryClass   = "hep-th",
      reportNumber   = "UUITP-07-17, NORDITA-2017-19",
      SLACcitation   = "%%CITATION = ARXIV:1703.00421;%%"
}



@article{bern10,
      author         = "Bern, Zvi and Carrasco, John Joseph M. and Johansson,
                        Henrik",
      title          = "{Perturbative Quantum Gravity as a Double Copy of Gauge
                        Theory}",
      journal        = "Phys. Rev. Lett.",
      volume         = "105",
      year           = "2010",
      pages          = "061602",
      doi            = "10.1103/PhysRevLett.105.061602",
      eprint         = "1004.0476",
      archivePrefix  = "arXiv",
      primaryClass   = "hep-th",
      reportNumber   = "UCLA-10-TEP-102, SACLAY-IPHT-T10-044",
      SLACcitation   = "%%CITATION = ARXIV:1004.0476;%%"
}



@article{fu17gauge,
      author         = "Fu, Chih-Hao and Du, Yi-Jian and Huang, Rijun and Feng,
                        Bo",
      title          = "{Expansion of Einstein-Yang-Mills Amplitude}",
      year           = "2017",
      eprint         = "1702.08158",
      archivePrefix  = "arXiv",
      primaryClass   = "hep-th",
      SLACcitation   = "%%CITATION = ARXIV:1702.08158;%%"
}



@article{teng17pfaffian,
      author         = "Teng, Fei and Feng, Bo",
      title          = "{Expanding Einstein-Yang-Mills by Yang-Mills in CHY
                        frame}",
      journal        = "JHEP",
      volume         = "05",
      year           = "2017",
      pages          = "075",
      doi            = "10.1007/JHEP05(2017)075",
      eprint         = "1703.01269",
      archivePrefix  = "arXiv",
      primaryClass   = "hep-th",
      SLACcitation   = "%%CITATION = ARXIV:1703.01269;%%"
}


@article{du17pfaffian,
      author         = "Du, Yi-Jian and Teng, Fei",
      title          = "{BCJ numerators from reduced Pfaffian}",
      journal        = "JHEP",
      volume         = "04",
      year           = "2017",
      pages          = "033",
      doi            = "10.1007/JHEP04(2017)033",
      eprint         = "1703.05717",
      archivePrefix  = "arXiv",
      primaryClass   = "hep-th",
      SLACcitation   = "%%CITATION = ARXIV:1703.05717;%%"
}

@article{1001gluon,
      author         = "Weinzierl, Stefan",
      title          = "{Tales of 1001 Gluons}",
      journal        = "Phys. Rept.",
      volume         = "676",
      year           = "2017",
      pages          = "1-101",
      doi            = "10.1016/j.physrep.2017.01.004",
      eprint         = "1610.05318",
      archivePrefix  = "arXiv",
      primaryClass   = "hep-th",
      reportNumber   = "MITP-16-109",
      SLACcitation   = "%%CITATION = ARXIV:1610.05318;%%"
}

@article{dolan14,
      author         = "Dolan, Louise and Goddard, Peter",
      title          = "{The Polynomial Form of the Scattering Equations}",
      journal        = "JHEP",
      volume         = "07",
      year           = "2014",
      pages          = "029",
      doi            = "10.1007/JHEP07(2014)029",
      eprint         = "1402.7374",
      archivePrefix  = "arXiv",
      primaryClass   = "hep-th",
      SLACcitation   = "%%CITATION = ARXIV:1402.7374;%%"
}


@article{cachazo14,
  title={Scattering of massless particles in arbitrary dimensions},
  author={Cachazo, Freddy and He, Song and Yuan, Ellis Ye},
  journal={Physical review letters},
  volume={113},
  number={17},
  pages={171601},
  year={2014},
  publisher={APS}
}

@article{cachazo14orthogonality,
      author         = "Cachazo, Freddy and He, Song and Yuan, Ellis Ye",
      title          = "{Scattering equations and Kawai-Lewellen-Tye
                        orthogonality}",
      journal        = "Phys. Rev.",
      volume         = "D90",
      year           = "2014",
      number         = "6",
      pages          = "065001",
      doi            = "10.1103/PhysRevD.90.065001",
      eprint         = "1306.6575",
      archivePrefix  = "arXiv",
      primaryClass   = "hep-th",
      SLACcitation   = "%%CITATION = ARXIV:1306.6575;%%"
}

@article{kk1989,
  title={Multigluon cross sections and 5-jet production at hadron colliders},
  author={Kleiss, Ronald and Kuijf, Hans},
  journal={Nuclear Physics B},
  volume={312},
  number={3},
  pages={616--644},
  year={1989},
  publisher={Elsevier}
}


@article{bcj08,
      author         = "Bern, Z. and Carrasco, J. J. M. and Johansson, Henrik",
      title          = "{New Relations for Gauge-Theory Amplitudes}",
      journal        = "Phys. Rev.",
      volume         = "D78",
      year           = "2008",
      pages          = "085011",
      doi            = "10.1103/PhysRevD.78.085011",
      eprint         = "0805.3993",
      archivePrefix  = "arXiv",
      primaryClass   = "hep-ph",
      reportNumber   = "UCLA-07-TEP-15",
      SLACcitation   = "%%CITATION = ARXIV:0805.3993;%%"
}

@misc{ebertone,
  title={One-loop divergences of the yang-mills theory coupled to gravitation},
  author={Ebert, Dietmar},
  year={2008}
}


@article{kltproof,
      author         = "Bjerrum-Bohr, N. E. J. and Damgaard, Poul H. and Feng, Bo
                        and Sondergaard, Thomas",
      title          = "{Proof of Gravity and Yang-Mills Amplitude Relations}",
      journal        = "JHEP",
      volume         = "09",
      year           = "2010",
      pages          = "067",
      doi            = "10.1007/JHEP09(2010)067",
      eprint         = "1007.3111",
      archivePrefix  = "arXiv",
      primaryClass   = "hep-th",
      SLACcitation   = "%%CITATION = ARXIV:1007.3111;%%"
}


@article{maitre2008s,
  title={S@ M, a Mathematica implementation of the spinor-helicity formalism},
  author={Ma{\^\i}tre, Daniel and Mastrolia, Pierpaolo},
  journal={Computer Physics Communications},
  volume={179},
  number={7},
  pages={501--534},
  year={2008},
  publisher={Elsevier}
}


@article{cachazo2012fundamental,
  title={Fundamental BCJ relation in N= 4 SYM from the connected formulation},
  author={Cachazo, Freddy},
  journal={arXiv preprint arXiv:1206.5970},
  year={2012}
}

@article{del2000new,
  title={New color decompositions for gauge amplitudes at tree and loop level},
  author={Del Duca, Vittorio and Dixon, Lance and Maltoni, Fabio},
  journal={Nuclear Physics B},
  volume={571},
  number={1},
  pages={51--70},
  year={2000},
  publisher={Elsevier}
}